%%%%%%%%%%%%%%%%%
% System design %
%%%%%%%%%%%%%%%%%

% Books

@BOOK{Page-Jones1996-vv,
  title     = "The practical guide to structured systems design",
  author    = "Page-Jones, Meilir",
  publisher = "Prentice Hall",
  edition   = "subsequent",
  year      =  1996
}

@BOOK{Van_Steen2017-gb,
  title     = "Distributed Systems",
  author    = "van Steen, Maarten and Tanenbaum, Andrew S",
  publisher = "CreateSpace Independent Publishing Platform",
  edition   = "third",
  month     =  feb,
  year      =  2017,
  language  = "en"
}

@BOOK{Brooks1995-wm,
  title     = "The Mythical Man-month: Essays on Software Engineering",
  author    = "Brooks, Frederick Phillips",
  publisher = "Addison-Wesley Publishing Company",
  month     =  jan,
  year      =  1995,
  language  = "en"
}

% Papers & articles

% Low coupling, high cohesion
@UNPUBLISHED{Stevens1974-rf,
  title  = "Structured design",
  author = "Stevens, W P and Myers, G J and Constantine, L L",
  month  =  jun,
  year   =  1974
}

@MISC{Parnas1971-yk,
  title  = "On the Criteria to Be Used in Decomposing Systems into Modules",
  author = "Parnas, D L",
  year   =  1971
}

@INPROCEEDINGS{Parnas1971-xy,
  title           = "Information Distribution Aspects of Design Methodology",
  booktitle       = "Information processing 71: proceedings of {IFIP} Congress
                     71",
  author          = "Parnas, David",
  editor          = "Freiman, C V and Griffith, J E and Rosenfeld, Jack L",
  publisher       = "North-Holland Publishing Company",
  volume          =  71,
  pages           = "339--344",
  month           =  jan,
  year            =  1971,
  address         = "Amsterdam",
  conference      = "International Conference on Information Processing, 5th",
  location        = "Ljubljana, Yugoslavia"
}

% Byzantine errors
@INPROCEEDINGS{Lynch1989-ev,
  title     = "A hundred impossibility proofs for distributed computing",
  booktitle = "Proceedings of the eighth annual {ACM} Symposium on Principles
               of distributed computing",
  author    = "Lynch, N",
  publisher = "Association for Computing Machinery",
  pages     = "1--28",
  series    = "PODC '89",
  month     =  jun,
  year      =  1989,
  address   = "New York, NY, USA",
  location  = "Edmonton, Alberta, Canada"
}

%%%%%%%%%%%%%%%%%%%%
% Machine learning %
%%%%%%%%%%%%%%%%%%%%

% Books

@BOOK{Alpaydin2019-nh,
  title     = "Maschinelles Lernen",
  author    = "Alpaydin, Ethem",
  publisher = "Walter de Gruyter GmbH \& Co KG",
  edition   = "second",
  month     =  may,
  year      =  2019,
  language  = "de"
}

% Papers & articles

% CIFAR10
@UNPUBLISHED{Torralba2008-ah,
  title    = "80 Million Tiny Images: A Large Data Set for Nonparametric Object
              and Scene Recognition",
  author   = "Torralba, Antonio and Fergus, Rob and Freeman, William T",
  month    =  nov,
  year     =  2008,
  keywords = "Computer vision, Object recognition, large datasets,
              nearest-neighbor methods"
}

% CIFAR100
@ARTICLE{Krizhevsky2009-wt,
  title    = "Learning Multiple Layers of Features from Tiny Images",
  author   = "Krizhevsky, Alex",
  journal  = "Master's thesis, University of Tront",
  year     =  2009
}

% ImageNet
@MISC{Deng2009-iz,
  title   = "{ImageNet}: A large-scale hierarchical image database",
  author  = "Deng, Jia and Dong, Wei and Socher, Richard and Li, Li-Jia and Li,
             Kai and Fei-Fei, Li",
  journal = "2009 IEEE Conference on Computer Vision and Pattern Recognition",
  year    =  2009
}

% ImageNet-C & CIFAR10/100-C
@ARTICLE{Hendrycks2019-gi,
  title         = "Benchmarking Neural Network Robustness to Common Corruptions
                   and Perturbations",
  author        = "Hendrycks, Dan and Dietterich, Thomas",
  month         =  mar,
  year          =  2019,
  archivePrefix = "arXiv",
  primaryClass  = "cs.LG",
  eprint        = "1903.12261"
}

% Uncertainty in neural networks
@ARTICLE{Ovadia2019-zt,
  title         = "Can You Trust Your Model's Uncertainty? Evaluating
                   Predictive Uncertainty Under Dataset Shift",
  author        = "Ovadia, Yaniv and Fertig, Emily and Ren, Jie and Nado,
                   Zachary and Sculley, D and Nowozin, Sebastian and Dillon,
                   Joshua V and Lakshminarayanan, Balaji and Snoek, Jasper",
  month         =  jun,
  year          =  2019,
  archivePrefix = "arXiv",
  primaryClass  = "stat.ML",
  eprint        = "1906.02530"
}

% ImageNet 10-crop training procedure
@INCOLLECTION{Krizhevsky2012-jr,
  title     = "{ImageNet} Classification with Deep Convolutional Neural
               Networks",
  booktitle = "Advances in Neural Information Processing Systems 25",
  author    = "Krizhevsky, Alex and Sutskever, Ilya and Hinton, Geoffrey E",
  editor    = "Pereira, F and Burges, C J C and Bottou, L and Weinberger, K Q",
  publisher = "Curran Associates, Inc.",
  volume    =  25,
  pages     = "1097--1105",
  year      =  2012
}

% CNNs
@INCOLLECTION{LeCun1999-ff,
  title     = "Object Recognition with {Gradient-Based} Learning",
  booktitle = "Shape, Contour and Grouping in Computer Vision",
  author    = "LeCun, Yann and Haffner, Patrick and Bottou, L{\'e}on and
               Bengio, Yoshua",
  editor    = "Forsyth, David A and Mundy, Joseph L and di Ges{\'u}, Vito and
               Cipolla, Roberto",
  publisher = "Springer Berlin Heidelberg",
  pages     = "319--345",
  year      =  1999,
  address   = "Berlin, Heidelberg"
}

% Synopsis on the progress in DL
@ARTICLE{Alom2018-yo,
  title         = "The History Began from {AlexNet}: A Comprehensive Survey on
                   Deep Learning Approaches",
  author        = "Alom, Md Zahangir and Taha, Tarek M and Yakopcic,
                   Christopher and Westberg, Stefan and Sidike, Paheding and
                   Nasrin, Mst Shamima and Van Esesn, Brian C and Awwal, Abdul
                   A S and Asari, Vijayan K",
  month         =  mar,
  year          =  2018,
  archivePrefix = "arXiv",
  primaryClass  = "cs.CV",
  eprint        = "1803.01164"
}

% Network in Network
@ARTICLE{Lin2013-xh,
  title         = "Network In Network",
  author        = "Lin, Min and Chen, Qiang and Yan, Shuicheng",
  month         =  dec,
  year          =  2013,
  archivePrefix = "arXiv",
  primaryClass  = "cs.NE",
  eprint        = "1312.4400"
}

% Maxout
@ARTICLE{Goodfellow2013-za,
  title         = "Maxout Networks",
  author        = "Goodfellow, Ian J and Warde-Farley, David and Mirza, Mehdi
                   and Courville, Aaron and Bengio, Yoshua",
  month         =  feb,
  year          =  2013,
  archivePrefix = "arXiv",
  primaryClass  = "stat.ML",
  eprint        = "1302.4389"
}

% VGG
@ARTICLE{Simonyan2014-bt,
  title         = "Very Deep Convolutional Networks for {Large-Scale} Image
                   Recognition",
  author        = "Simonyan, Karen and Zisserman, Andrew",
  month         =  sep,
  year          =  2014,
  archivePrefix = "arXiv",
  primaryClass  = "cs.CV",
  eprint        = "1409.1556"
}

% ResNet
@ARTICLE{He2015-cq,
  title         = "Deep Residual Learning for Image Recognition",
  author        = "He, Kaiming and Zhang, Xiangyu and Ren, Shaoqing and Sun,
                   Jian",
  month         =  dec,
  year          =  2015,
  archivePrefix = "arXiv",
  primaryClass  = "cs.CV",
  eprint        = "1512.03385"
}

% HD-CNN
@MISC{Yan2015-go,
  title   = "{HD-CNN}: Hierarchical Deep Convolutional Neural Networks for
             Large Scale Visual Recognition",
  author  = "Yan, Zhicheng and Zhang, Hao and Piramuthu, Robinson and
             Jagadeesh, Vignesh and DeCoste, Dennis and Di, Wei and Yu, Yizhou",
  journal = "2015 IEEE International Conference on Computer Vision (ICCV)",
  year    =  2015
}

% Tree-CNN
@ARTICLE{Roy2020-rv,
  title    = "{Tree-CNN}: A hierarchical Deep Convolutional Neural Network for
              incremental learning",
  author   = "Roy, Deboleena and Panda, Priyadarshini and Roy, Kaushik",
  journal  = "Neural networks: the official journal of the International Neural
              Network Society",
  volume   =  121,
  pages    = "148--160",
  month    =  jan,
  year     =  2020,
  keywords = "Convolutional Neural Networks; Deep learning; Incremental
              learning; Transfer learning",
  language = "en"
}

@MISC{Deng2014-so,
  title   = "{Large-Scale} Object Classification Using Label Relation Graphs",
  author  = "Deng, Jia and Ding, Nan and Jia, Yangqing and Frome, Andrea and
             Murphy, Kevin and Bengio, Samy and Li, Yuan and Neven, Hartmut and
             Adam, Hartwig",
  journal = "Computer Vision -- ECCV 2014",
  pages   = "48--64",
  year    =  2014
}

@MISC{Zweig2007-oo,
  title   = "Exploiting Object Hierarchy: Combining Models from Different
             Category Levels",
  author  = "Zweig, Alon and Weinshall, Daphna",
  journal = "2007 IEEE 11th International Conference on Computer Vision",
  year    =  2007
}

% Semantic distance
@MISC{Fergus2010-or,
  title   = "Semantic Label Sharing for Learning with Many Categories",
  author  = "Fergus, Rob and Bernal, Hector and Weiss, Yair and Torralba,
             Antonio",
  journal = "Computer Vision -- ECCV 2010",
  pages   = "762--775",
  year    =  2010
}

% Inherent modularity of neuronal networks
@ARTICLE{Filan2020-nx,
  title         = "Neural Networks are Surprisingly Modular",
  author        = "Filan, Daniel and Hod, Shlomi and Wild, Cody and Critch,
                   Andrew and Russell, Stuart",
  month         =  mar,
  year          =  2020,
  archivePrefix = "arXiv",
  primaryClass  = "cs.NE",
  eprint        = "2003.04881"
}

@ARTICLE{Benediktsson1992-bl,
  title     = "Consensus theoretic classification methods",
  author    = "Benediktsson, J A and Swain, Philip H",
  journal   = "IEEE transactions on systems, man, and cybernetics",
  publisher = "Institute of Electrical and Electronics Engineers",
  volume    =  22,
  number    =  4,
  pages     = "688--704",
  month     =  aug,
  year      =  1992
}

@ARTICLE{Xu1992-hp,
  title    = "Methods of combining multiple classifiers and their applications
              to handwriting recognition",
  author   = "Xu, L and Krzyzak, A and Suen, C Y",
  journal  = "IEEE transactions on systems, man, and cybernetics",
  volume   =  22,
  number   =  3,
  pages    = "418--435",
  month    =  may,
  year     =  1992
}

% Connectionist networks
@INCOLLECTION{Pollack1987-pe,
  title     = "Cascaded {Back-Propagation} on Dynamic Connectionist Networks",
  booktitle = "Proceedings of the Ninth Conference of the Cognitive Science
               Society",
  author    = "Pollack, Jordan B",
  publisher = "Lawrence Erlbaum Associates",
  pages     = "391--404",
  year      =  1987,
  address   = "New Jersey"
}

% Connectionist networks
@ARTICLE{Jacobs1991-fo,
  title   = "Task Decomposition Through Competition in a Modular Connectionist
             Architecture: The What and Where Vision Tasks",
  author  = "Jacobs, Robert A and Jordan, Michael I and Barto, Andrew G",
  journal = "Cognitive science",
  volume  =  15,
  number  =  2,
  pages   = "219--250",
  month   =  apr,
  year    =  1991
}

% Local experts
@ARTICLE{Jacobs1991-rz,
  title    = "Adaptive Mixtures of Local Experts",
  author   = "Jacobs, Robert A and Jordan, Michael I and Nowlan, Steven J and
              Hinton, Geoffrey E",
  journal  = "Neural computation",
  volume   =  3,
  number   =  1,
  pages    = "79--87",
  year     =  1991,
  language = "en"
}

% Stochastic framework for competitive decomposition
@ARTICLE{Jordan1994-gn,
  title     = "Hierarchical mixtures of experts and the {EM} algorithm",
  author    = "Jordan, Michael I and Jacobs, Robert A",
  journal   = "Neural computation",
  publisher = "MIT Press",
  volume    =  6,
  number    =  2,
  pages     = "181--214",
  month     =  mar,
  year      =  1994,
  address   = "Cambridge, MA, USA"
}

% Backpropagation
@ARTICLE{Rumelhart1986-jr,
  title   = "Learning representations by back-propagating errors",
  author  = "Rumelhart, David E and Hinton, Geoffrey E and Williams, Ronald J",
  journal = "Nature",
  volume  =  323,
  number  =  6088,
  pages   = "533--536",
  month   =  oct,
  year    =  1986
}

% Random search optimization
@ARTICLE{Tripathi2020-gc,
  title         = "{RSO}: A Gradient Free Sampling Based Approach For Training
                   Deep Neural Networks",
  author        = "Tripathi, Rohun and Singh, Bharat",
  month         =  may,
  year          =  2020,
  archivePrefix = "arXiv",
  primaryClass  = "cs.LG",
  eprint        = "2005.05955"
}

% Adam
@inproceedings{Kingma2014-db,
  author    = {Diederik P. Kingma and
               Jimmy Ba},
  editor    = {Yoshua Bengio and
               Yann LeCun},
  title     = {Adam: {A} Method for Stochastic Optimization},
  booktitle = {3rd International Conference on Learning Representations, {ICLR} 2015,
               San Diego, CA, USA, May 7-9, 2015, Conference Track Proceedings},
  year      = {2015}
}


% Dropout
@ARTICLE{Srivastava2014-pi,
  title   = "Dropout: A Simple Way to Prevent Neural Networks from Overfitting",
  author  = "Srivastava, Nitish and Hinton, Geoffrey and Krizhevsky, Alex and
             Sutskever, Ilya and Salakhutdinov, Ruslan",
  journal = "Journal of Machine Learning Research",
  volume  =  15,
  pages   = "1929--1958",
  month   =  jun,
  year    =  2014
}

% Dropout in CNNs
@INCOLLECTION{Park2017-og,
  title     = "Analysis on the Dropout Effect in Convolutional Neural Networks",
  booktitle = "Computer Vision -- {ACCV} 2016: 13th Asian Conference on
               Computer Vision, Taipei, Taiwan, November 20-24, 2016, Revised
               Selected Papers, Part {II}",
  author    = "Park, Sungheo and Kwak, Nojun",
  editor    = "Lai, Shang-Hong and Lepetit, Vincent and Nishino, Ko and Sato,
               Yoichi",
  publisher = "Springer International Publishing",
  volume    =  10112,
  pages     = "189--204",
  series    = "Lecture Notes in Computer Science",
  year      =  2017,
  address   = "Cham"
}

% Neural networks as universal approximators
@ARTICLE{Hornik1989-nf,
  title    = "Multilayer feedforward networks are universal approximators",
  author   = "Hornik, Kurt and Stinchcombe, Maxwell and White, Halbert",
  journal  = "Neural networks: the official journal of the International Neural
              Network Society",
  volume   =  2,
  number   =  5,
  pages    = "359--366",
  month    =  jan,
  year     =  1989,
  keywords = "Feedforward networks; Universal approximation; Mapping networks;
              Network representation capability; Stone-Weierstrass Theorem;
              Squashing functions; Sigma-Pi networks; Back-propagation networks"
}

% No free lunch theorem
@ARTICLE{Wolpert1997-fu,
  title    = "No free lunch theorems for optimization",
  author   = "Wolpert, D H and Macready, W G",
  journal  = "IEEE Transactions on Evolutionary Computation",
  volume   =  1,
  number   =  1,
  pages    = "67--82",
  month    =  apr,
  year     =  1997
}

% Influence of model size on performance
@MISC{Lawrence1996-uj,
  title    = "What size neural network gives optimal generalization?
              convergence properties of backpropagation",
  author   = "Lawrence, Steve and Lee Giles, C and Tsoi, Ah Chung",
  year     =  1996
}

% Brier score
@ARTICLE{Brier1950-jb,
  title     = "{VERIFICATION} {OF} {FORECASTS} {EXPRESSED} {IN} {TERMS} {OF}
               {PROBABILITY}",
  author    = "Brier, Glenn W",
  journal   = "Monthly Weather Review",
  publisher = "American Meteorological Society",
  volume    =  78,
  number    =  1,
  pages     = "1--3",
  month     =  jan,
  year      =  1950
}

%%%%%%%%%%%%%%%%%
% Miscellaneous %
%%%%%%%%%%%%%%%%%

% Papers & articles

% Construction of an universal approximator by superimposing continuous functions
@INPROCEEDINGS{Kolmogorov1957-ok,
  title       = "On the representation of continuous functions of many
                 variables by superposition of continuous functions of one
                 variable and addition",
  booktitle   = "Doklady Akademii Nauk",
  author      = "Kolmogorov, Andrei Nikolaevich",
  volume      =  114,
  pages       = "953--956",
  institution = "Russian Academy of Sciences",
  year        =  1957
}

% Websites

% European Commission Guidelines for Trustworty AI
@MISC{Robotics_and_Artificial_Intelligence_Unit_A_12019-of,
  title        = "Ethics guidelines for trustworthy {AI}",
  booktitle    = "European Commission",
  author       = "{Robotics and Artificial Intelligence (Unit A. 1)}",
  month        =  apr,
  year         =  2019,
  howpublished = "\url{https://ec.europa.eu/digital-single-market/en/news/ethics-guidelines-trustworthy-ai}",
  note         = "Accessed: 2020-8-1"
}